@ARTICLE{pugh:skiplist,
	AUTHOR = "	William Pugh",
	TITLE = "Skip lists: a probabilistic alternative to balanced trees",
	JOURNAL = "Communications of the ACM",
	VOLUME = {33},
	NUMBER = {6},
	PAGES = {668-676},
	MONTH = "June",
	YEAR = {1990}	}

@ARTICLE{valois:lockfree-list,
	AUTHOR = "	John D. Valois",
	TITLE = "Lock-free linked lists using compare-and-swap",
	JOURNAL = "Proceedings of the fourteenth annual ACM symposium on Principles of distributed computing",
	PAGES = {214-222},
	YEAR = {1995}   }
	
@BOOK{maurice:art-of-multproc,
	AUTHOR = "Maurice Herlihy and Nir Shavit",
	TITLE = "The Art of Multiprocessor Programming‚Äù",
	PUBLISHER = "Morgan Kaufmann;",
	YEAR = "2012"	}

